@article{Ulam1949,
author = {Metropolis, N. and Ulam, S.},
journal = {Journal of th American Statistical Association},
number = {247},
pages = {335--341},
title = {{The Monte Carlo ethod}},
volume = {44},
year = {1949}
}


@article{DVA2001,
author = {Dimov, I. and Alexandrov, V. and Karaivanova, A.},
journal = {Mathematics and Computers in Simulation},
keywords={Monte Carlo algorithms,Markov chain,Resolvent MC(RMC) algorithm},
number = {55},
pages = {25-35},
title = {{Parallel resolvent Monte Carlo algorithms for linear algebra 
problems}},
volume = {55},
year = {2001}
}


@article{EMSH2014,
author = {Evans, T.M and Mosher, S.W. and Slattery, S.R. and Hamilton, S.P.},
journal = {Journal of Computational Physics},
keywords = {Radiation diffusio,Synthetic acceleration,Monte Carlo,Sparse 
matrix system},
number = {November 2013},
pages = {338--358},
title = {{A Monte Carlo synthetic-acceleration method for solving the thermal 
radiation diffusion equation}},
volume = {258},
year = {2014}
}

@article{Hal1962,
author = {Halton, J.H.},
doi={10.1017/S0305004100036227},
journal = {Mathematical Proceeding of the Cambridge Philosophical Society},
number = {1},
pages = {57--58},
title = {{Sequential Monte Carlo}},
volume = {58},
year = {1962}
}


@article{Hal1994,
author = {Halton, J.H.},
journal = {Journal of Scientific Computing},
keywords = {Sequential sampling,Monte Carlo,large linear systems},
number = {2},
pages = {213--257},
publisher = {Plenum Publishing Corporation},
title = {{Sequential Monte Carlo techniques for the solution of linear 
systems}},
volume = {9},
year = {1994}
}

@article{ESW2013,
author = {Evans, T.M. and Slattery, S.R. and Wilson, P.P.H},
journal = {International Conference on Mathematics and Computational Methods 
Applied to Nuclear Science \& Engineering},
keywords = {Monte Carlo,domain decomposition,MCSA,parallel computing,linear 
solvers},
publisher = {American Nuclear Society, LaGrange Park},
title = {{A spectral analysis of the domain decomposed Monte Carlo method for 
linear systems}},
year = {2013}
}


@article{ESW2002,
author = {Evans, T.M. and Slattery, S.R. and Wilson, P.P.H},
journal = {International Conference on Computational Science 2002},
keywords = {Monte Carlo method,Markov chain,Matrix Inversion,Solution of 
system of Linear Eqautions,Matrix Decomposition,Diagonal Dominant Matrices},
publisher = {Springer-Verlag},
title = {{Mixed Monte Carlo parallel algorithms for
matrix computation}},
year = {2002}
}


@phdthesis{Slattery2013,
author = {Slattery, S.},
title = {Parallel Monte Carlo Synthetic Acceleration Methods For Discrete 
Transport Problems},
school = {University of Wisconsin-Madison},
year = {2013},
}

@article{MASC2013,
author = {Hao, J. and Mascagni, M. and Yaohang, L.},
journal = {SIAM Journal on Numerical Analysis},
keywords = {Markov chain Monte Carlo, linear solver, Ulam-von Neumann alforithm, Naumann series, convergence analysys, trasition probability matrix},
number = {4},
pages = {2107--2122},
title = {{Convergence analysis of Markov chain Monte Carlo linear solvers using Ulam-von Neumann algorithm}},
volume = {51},
year = {2013}
}



