
@article{evans_13,
  author =       {T. Evans and S. Mosher and S. Slattery and S. Hamilton},
  title =        {A {M}onte {C}arlo Synthetic-Acceleration Method for
                  Solving the Thermal Radiation Diffusion Equation},
  journal =      {Journal of Computational Physics},
  year =         {2014},
  volume =       {258},
  pages =        {338--358}
}

@article{halton_94,
  author =       {J. Halton},
  title =        {Sequential {M}onte {C}arlo Techniques for the Solution of Linear Systems},
  journal =      {Journal of Computational Physics},
  year =         {1994},
  volume =       {9},
  pages =        {213--257}
}

@article{joubert_94,
  author = {W. Joubert},
  title = {A Robust {GMRES}-Based Adaptive Polynomial Preconditioning Algorithm for 
           Nonsymmetric Linear Systems},
  journal = {{SIAM} Journal on Scientific Computing},
  year = {1994},
  volume = {15},
  number = {2},
  pages = {427--439}
}

@article{manteuffel_77,
  author = {T. Manteuffel},
  title = {The Tchebyshev Iteration for Nonsymmetric Linear Systems},
  journal = {Numerische Mathematik},
  year = {1977},
  volume = {28},
  number = {3},
  pages = {307--327}
}

@article{liu_14,
  author = {Q. Liu and R. Morgan and W. Wilcox},
  title = {Polynomial Preconditioned {GMRES} and {GMRES-DR}},
  journal = {{SIAM} Journal on Scientific Computing},
  year = {2014},
  note = {Submitted}
}

@article{saad_86,
  author = {Y. Saad and M. Schultz},
  title = {{GMRES}: A Generalized Minimal Residual Algorithm for Solving
           Nonsymmetric Linear Systems},
  journal = {{SIAM} Journal Scientific and Statistical Computing},
  volume = {7},
  year = {1986},
  pages = {856--869},
}

@article{nachtigal_92,
  author = {N. Nachtigal and L. Reichel and L. Trefethen},
  title = {A Hybrid {GMRES} Algorithm for Nonsymmetric Linear Systems},
  year = 1992,
  journal = {{SIAM} Journal on Matrix Analysis and Applications},
  volume = {13},
  number = {3},
  pages = {796--825}
}

@phdthesis{slattery_13,
  author = {Stuart Slattery},
  title  = {Parallel Monte Carlo Synthetic Acceleration Methods for 
            Discrete Transport Problems},
  year   = {2013},
  school = {University of Wisconsin}
}

@article{elman_86,
  author = {H. Elman and Y. Saad and P. Saylor},
  title = {A Hybrid Chebyshev Krylov Subspace Algorithm for Solving Nonsymmetric
           Systems of Linear Equations},
  journal = {{SIAM} Journal on Scientific and Statistical Computing},
  volume = {7},
  year = {1986},
  pages = {840--855}
}

@inproceedings{elman_86_2,
  author = {H. Elman and R. Streit},
  title = {Polynomial Iteration for Nonsymmetric Indefinite Linear Systems},
  booktitle = {Numerical Analysis, Lecture Notes in Mathematics},
  number = {1230},
  year = {1986},
  editor = {J. P. Hennert},
  publisher = {Springer-Verlag},
  address = {Berlin, New York}
}

@inproceedings{saylor_90,
  author = {P. Saylor},
  title = {An Adaptive Algorithm for Richardson's Iteration},
  booktitle = {Iterative Methods for Large Linear Systems},
  editor = {D. R. Kincaid and L. J. Hayes},
  year = {1990},
  publisher = {Academic Press},
  address = {New York}
}

@article{saylor_91,
  author = {P. Saylor and D. Smolarski},
  title = {Implementation of an Adaptive Algorithm for Richardson's Method},
  journal = {Linear Algebra with Applications},
  volume = {154},
  year = {1991},
  pages = {615--646}
}
