@article{evans_monte_2009,
	title = {A {M}onte {C}arlo synthetic acceleration method for the non-linear, time-dependent diffusion equation},
	journal = {American Nuclear Society - International Conference on Mathematics, Computational Methods and Reactor Physics 2009},
	author = {Evans, Thomas and Mosher, Scott},
	year = {2009},
},

@book{leveque_finite_2007,
	title = {Finite Difference Methods for Ordinary and Partial Differential Equations: Steady-State and Time-Dependent Problems},
	publisher = {{SIAM}, Society for Industrial and Applied Mathematics},
	author = {{LeVeque}, Randall},
	month = jul,
	year = {2007},
},

@book{duderstadt_nuclear_1976,
	edition = {1},
	title = {Nuclear Reactor Analysis},
	publisher = {Wiley},
	author = {Duderstadt, James J. and Hamilton, Louis J.},
	month = jan,
	year = {1976}
},

@article{forsythe_matrix_1950,
	title = {Matrix Inversion by a {M}onte {C}arlo Method},
	volume = {4},
	number = {31},
	journal = {Mathematical Tables and Other Aids to Computation},
	author = {Forsythe, George E. and Leibler, Richard A.},
	month = jul,
	year = {1950},
	pages = {127--129},
},

@article{halton_sequential_1962,
	title = {Sequential {M}onte {C}arlo},
	volume = {58},
	number = {01},
	journal = {Mathematical Proceedings of the Cambridge Philosophical Society},
	author = {Halton, J. H.},
	year = {1962},
	pages = {57--78},
},

@article{brunner_comparison_2006,
	title = {Comparison of four parallel algorithms for domain decomposed implicit {M}onte {C}arlo},
	volume = {212},
	number = {2},
	urldate = {2012-09-20},
	journal = {Journal of Computational Physics},
	author = {Brunner, Thomas A. and Urbatsch, Todd J. and Evans, Thomas M. and Gentile, Nicholas A.},
	month = mar,
	year = {2006},
	pages = {527--539},
},

@article{brunner_efficient_2009,
	title = {An efficient, robust, domain-decomposition algorithm for particle {M}onte {C}arlo},
	volume = {228},
	urldate = {2012-09-20},
	journal = {Journal of Computational Physics},
	author = {Brunner, Thomas A. and Brantley, Patrick S.},
	month = jun,
	year = {2009},
	pages = {3882--3890},
},

@book{azmy_nuclear_2010,
	edition = {1st Edition.},
	title = {Nuclear Computational Science: A Century in Review},
	publisher = {Springer},
	author = {Azmy, Yousry and Sartori, Enrico},
	month = may,
	year = {2010}
},

@article{gropp_high-performance_2001,
	title = {High-performance parallel implicit {CFD}},
	volume = {27},
	number = {4},
	journal = {Parallel computing in aerospace},
	author = {Gropp, William D and Kaushik, Dinesh K and Keyes, David E and Smith, Barry F},
	month = mar,
	year = {2001},
	pages = {337--362},
},

@book{hammersley_monte_1964,
	title = {{M}onte {C}arlo Methods},
	publisher = {Methuen},
	author = {Hammersley, John Michael and Handscomb, David Christopher},
	year = {1964},
	keywords = {{MONTE} Carlo method, Probabilities}
},

@article{dimov_new_1998,
	title = {A new iterative {M}onte {C}arlo approach for inverse matrix problem},
	volume = {92},
	number = {1},
	journal = {Journal of Computational and Applied Mathematics},
	author = {Dimov, {I.T.} and Dimov, {T.T.} and Gurov, {T.V.}},
	month = may,
	year = {1998},
	pages = {15--35},
},

@article{siegel_analysis_2012,
	title = {Analysis of communication costs for domain decomposed {M}onte {C}arlo methods in nuclear reactor analysis},
	volume = {231},
	number = {8},
	journal = {Journal of Computational Physics},
	author = {Siegel, A. and Smith, K. and Fischer, P. and Mahadevan, V.},
	month = apr,
	year = {2012},
	pages = {3119--3125},
},

@book{spanier_monte_1969,
	address = {New York},
	title = {{M}onte {C}arlo Principles and Neutron Transport Problems},
	publisher = {Dover Publications},
	author = {Spanier, Jerome and Gelbard, Ely M.},
	year = {1969}
},

@article{wasow_note_1952,
	title = {A note on the inversion of matrices by random walks},
	volume = {6},
	number = {38},
	journal = {Mathematical Tables and Other Aids to Computation},
	author = {Wasow, {W.R.}},
	month = apr,
	year = {1952},
	pages = {78--81},
},

@article{evans_monte_2014,
	title = {A Monte Carlo Synthetic-Acceleration Method for Solving the Thermal Radiation Diffusion Equation},
	volume = {258},
	journal = {Journal of Computational Physics},
	author = {Evans, Thomas and Mosher, Scott and Slattery, Stuart and Hamilton, Steven},
	year = {2014},
        pages = {338--358}
},

@article{ji_2013,
  author =       {H. Ji and M. Mascagni and Y. Li},
  title =        {{Convergence Analysis of {M}arkov Chain {M}onte {C}arlo Linear Solvers Using Ulam-Von Neumann Algorithm}},
  journal =      {Siam J. Numer. Anal.},
  year =         {2013},
  volume =       {51},
  number =       {4},
  pages =        {2107--2122}
}

@article{alexandrov_efficient_1998,
	title = {Efficient parallel {M}onte {C}arlo methods for matrix computations},
	volume = {47},
	number = {2-5},
	journal = {Mathematics and Computers in Simulation},
	author = {Alexandrov, {V.N.}},
	month = aug,
	year = {1998},
	pages = {113--122}
},

@article{danilov_asymptotic_2000,
	title = {Asymptotic complexity of {M}onte {C}arlo methods for solving linear systems},
	volume = {85},
	number = {1-2},
	journal = {Journal of Statistical Planning and Inference},
	author = {Danilov, {D.L.} and Ermakov, {S.M.} and Halton, {J.H.}},
	month = apr,
	year = {2000},
	pages = {5--18}
},
