@article{DVA2001,
author = {Dimov, I. and Alexandrov, V. and Karaivanova, A.},
journal = {Mathematics and Computers in Simulation},
keywords={Monte Carlo algorithms,Markov chain,Resolvent MC(RMC) algorithm},
number = {55},
pages = {25-35},
title = {{Parallel resolvent Monte Carlo algorithms for linear algebra 
problems}},
volume = {55},
year = {2001}
}

@article{AADBTW2005,
author = {Alessandrov, V. and Atanassov, E. and Dimov, I. and Branford, S. and Thandavan, A. and Weihrauch, C.},
journal = {Lecture Notes in Computer Science},
keywords={Monte Carlo method,Markov chain,Matrix inversion,Solution of System of Linear Equation,Grid Computing},
pages = {752-759},
publisher = {Springer},
title = {{Parallel hybrid Monte Carlo algorithms for matrix computations 
problems}},
volume = {3516},
year = {2005}
}

@article{EMSH2014,
author = {Evans, T.M and Mosher, S.W. and Slattery, S.R. and Hamilton, S.P.},
journal = {Journal of Computational Physics},
keywords = {Radiation diffusion,Synthetic acceleration,Monte Carlo,Sparse 
matrix system},
number = {November 2013},
pages = {338--358},
title = {{A Monte Carlo synthetic-acceleration method for solving the thermal 
radiation diffusion equation}},
volume = {258},
year = {2014}
}

@article{Hal1962,
author = {Halton, J.H.},
doi={10.1017/S0305004100036227},
journal = {Mathematical Proceeding of the Cambridge Philosophical Society},
number = {1},
pages = {57--58},
title = {{Sequential Monte Carlo}},
volume = {58},
year = {1962}
}

@article{DA1998,
author = {Dimov, I.T. and Alexandrov, V.N.},
journal = {Mathematics and Computers in Simulation},
keywords = {Monte Carlo method,Matrix 
computation,Convergence,Eigenvalues,Comvergent iterative process,Parallel 
computation},
number = {47},
pages = {165--181},
title = {{A new highly convergent Monte Carlo method for matrix computations}},
year = {1998}
}

@article{Hal1994,
author = {Halton, J.H.},
journal = {Journal of Scientific Computing},
keywords = {Sequential sampling,Monte Carlo,large linear systems},
number = {2},
pages = {213--257},
publisher = {Plenum Publishing Corporation},
title = {{Sequential Monte Carlo techniques for the solution of linear 
systems}},
volume = {9},
year = {1994}
}

@article{BU2007,
author = {Benzi, M. and Ucar, B.},
issn = {1068-9613},
journal = {Electronic Transaction on Numerical Analysis},
keywords = {M-matrices,preconditioning,discrete Markov chains,iterative 
methods,graph partitioning},
pages = {209--227},
title = {{Block trianguar preconditioners for M-matrices and Markov chains}},
volume = {26},
year = {2007}
}

@article{BU,
author = {Benzi, M. and Ucar, B.},
journal = {Proceedings of the 2006 Markov Anniversary Meeting (Charleston, SC, 
12-14 June 2006)},
keywords = {preconditioning,discrete Markov chains,iterative methods,graph 
partitioning},
page = {239--256},
publisher = {Boson Books, Raleigh, NC},
title = {{Product preconditioning for Markov chain problems}},
year = {2006}
}

@article{ESW2013,
author = {Evans, T.M. and Slattery, S.R. and Wilson, P.P.H},
journal = {International Conference on Mathematics and Computational Methods 
Applied to Nuclear Science \& Engineering},
keywords = {Monte Carlo,domain decomposition,MCSA,parallel computing,linear 
solvers},
publisher = {American Nuclear Society, LaGrange Park},
title = {{A spectral analysis of the domain decomposed Monte Carlo method for 
linear systems}},
year = {2013}
}


@article{ESW2002,
author = {Evans, T.M. and Slattery, S.R. and Wilson, P.P.H},
journal = {International Conference on Computational Science 2002},
keywords = {Monte Carlo method,Markov chain,Matrix Inversion,Solution of 
system of Linear Eqautions,Matrix Decomposition,Diagonal Dominant Matrices},
publisher = {Springer-Verlag},
title = {{Mixed Monte Carlo parallel algorithms for
matrix computation}},
year = {2002}
}

@article{BS1997,
author = {Benzi, M. and Szyld, B.},
journal = {Numerische Matematik},
publisher = {Springer-Verlag},
pages = {309--321},
title = {{Existence and uniqueness of splittings for stationary iterative 
methods with applications to alternating methods}},
volume = {76},
year = {1997},
}

@article{Srin2010,
author = {Srinivasan, A.},
journal = {Mathematics and Computer in Simulation},
publisher = {Elsevier},
pages = {1133--1143},
title = {{Monte Carlo linear solvers with non-diagonal splitting}},
volume = {80},
year = {2000},
}

@article{Vaj2007,
author = {Vajargah, B. F.},
journal={Applied Mathematics and Computation},
publisher = {Elsevier},
pages = {1841--1846},
title = {Different stochastic algorithms to obtain matrix inversion},
volume = {189},
year = {2007},
}

@phdthesis{Slattery2013,
author = {Slattery, S.},
title = {Parallel Monte Carlo Synthetic Acceleration Methods For Discrete 
Transport Problems},
school = {University of Wisconsin-Madison},
year = {2013},
}



@article{MASC2013,
author = {Hao, J. and Mascagni, M. and Yaohang, L.},
journal = {SIAM Journal on Numerical Analysis},
keywords = {Markov chain Monte Carlo, linear solver, Ulam-von Neumann alforithm, Naumann series, convergence analysys, trasition probability matrix},
number = {4},
pages = {2107--2122},
title = {{Convergence analysis of Markov chain Monte Carlo linear solvers using Ulam-von Neumann algorithm}},
volume = {51},
year = {2013}
}


@book{Saad,
author = {Saad, Y.},
publisher = {Society for Industrial and Applied Mathematics},
title = {{Iterative Methods for Sparse Linear Systems}},
year = {2003}
}

@book{Ax1996,
author = {Axelsson, O.},
publisher = {Cambridge University Press},
title = {{Iterative Solution Methods}},
year = {1996}
}

@article{Benzi2002,
author = {Benzi, M.},
journal = {Journal of Computational Physics},
pages = {418--477},
title = {{Preconditioning Techniques for Large Linear Systems: A Survey}},
volume = {182},
year = {2002}
}

@article{Tuma1996, 
author = {Benzi, M. and Meyer, C.D. and Tuma M.},
journal = {SIAM Journal on Scientific Computing},
pages = {1135--1149},
title = {{A sparse approximate inverse preconditioner for the conjugate gradient method}},
volume = {17},
year= {1996}
}

@article{Tuma1998,
author = {Benzi, M. and Tuma, M.},
journal = {SIAM Journal on Scientific Computing},
pages = {968--994},
title = {{A sparse approximate inverse preconditioner for nonsymetric linear systems}},
volume = {19},
year = {1998}
}

@article{Fiedler1962,
author = {Fiedler, M. and Ptak, V.},
journal = {On matrices with non-positive off-diagonal elements and positive principal minors},
number = {3},
pages = {382--400},
title = {{On matrices with non-positive off-diagonal elements and positive principal minors}},
volume = {12},
year = {1962}
}


@article{Li2002,
author = {Li, L.},
journal = {SIAM Journal in Matrix Analysis and Applications},
keywords = {H-matrix, diagonally dominnt matrix, iteraiton, criterion},
number = {1},
pages = {17--24},
title = {{On the iterative criterion for generalized diagonally dominant matrices}},
volume = {24},
year = {2002}
}


@book{Horn1994,
author = {Horn, R. A. and Johnson, C.},
publisher = {Cambridge University Press},
title = {{Topics in Matrix Analysis}},
year = {1994}
}


@article{FK1975,
author = {Friwdland, S. and Karlin, S.},
journal = {Duke Mathematical Journal},
number = {3},
pages = {459-490},
title = {{Some inequalities for the spectral radius of non-negative matrices and applications}},
volume = {42},
year = {1975}
}


